<record><leader>00000cas a22000007a 4500</leader><controlfield tag="001">11683135</controlfield><controlfield tag="008">850211d19311936mtuwr ne      0    0eng d</controlfield><datafield ind1=" " ind2=" " tag="010"><subfield code="a">sn 84036286 </subfield></datafield><datafield ind1=" " ind2=" " tag="040"><subfield code="a">MTL</subfield><subfield code="b">eng</subfield><subfield code="c">MTL</subfield><subfield code="d">OCLCQ</subfield></datafield><datafield ind1=" " ind2=" " tag="042"><subfield code="a">msc</subfield></datafield><datafield ind1="0" ind2="0" tag="245"><subfield code="a">Red Lodge daily news combined with Carbon County news.</subfield></datafield><datafield ind1=" " ind2=" " tag="260"><subfield code="a">Red Lodge, Mont. :</subfield><subfield code="b">O.H.P. Shelley,</subfield><subfield code="c">1931-1936.</subfield></datafield><datafield ind1=" " ind2=" " tag="300"><subfield code="a">6 v. :</subfield><subfield code="b">ill. ;</subfield><subfield code="c">54 cm.</subfield></datafield><datafield ind1=" " ind2=" " tag="310"><subfield code="a">Weekly</subfield></datafield><datafield ind1="0" ind2=" " tag="362"><subfield code="a">Vol. 8, no. 32 (Oct. 15, 1931)-v. 13, no. 9 (May 1, 1936).</subfield></datafield><datafield ind1=" " ind2=" " tag="500"><subfield code="a">"Republican." Cf. Directory of Montana newspapers, 1935-1936.</subfield></datafield><datafield ind1=" " ind2=" " tag="500"><subfield code="a">"Official paper of Carbon County and the City of Red Lodge."</subfield></datafield><datafield ind1=" " ind2=" " tag="515"><subfield code="a">Carries also numbering for Red Lodge daily news (non-extant).</subfield></datafield><datafield ind1=" " ind2=" " tag="752"><subfield code="a">United States</subfield><subfield code="b">Montana</subfield><subfield code="c">Carbon</subfield><subfield code="d">Red Lodge.</subfield></datafield><datafield ind1="0" ind2="0" tag="780"><subfield code="t">Carbon County news (Red Lodge, Mont. : 1924)</subfield><subfield code="w">(DLC)sn 84036285</subfield></datafield><datafield ind1="0" ind2="0" tag="785"><subfield code="t">Carbon County news (Red Lodge, Mont. : 1936)</subfield><subfield code="w">(DLC)sn 84036287</subfield></datafield><datafield ind1="1" ind2=" " tag="029"><subfield code="a">AU@</subfield><subfield code="b">000025812042</subfield></datafield></record>